@article{usingGoModules,
  title = {Using Go Modules},
  url = {https://go.dev/blog/using-go-modules},
  note = {Accessed: 2024-05-19}
}

@article{protocGenGo,
  title = {protoc-gen-go},
  url = {https://pkg.go.dev/google.golang.org/protobuf/cmd/protoc-gen-go},
  note = {Accessed: 2024-05-19}
}

@article{grpcGateway,
  title = {grpc-gateway},
  url = {https://github.com/grpc-ecosystem/grpc-gateway},
  note = {Accessed: 2024-05-19}
}

@article{hardwareAcceleratorProtocolBuffers,
  author = {Sagar Karandikar et al.},
  title = {A hardware accelerator for protocol buffers},
  booktitle = {MICRO-54: 54th Annual IEEE/ACM International Symposium on Microarchitecture},
  year = {2021}
}

@article{beatingJSONWithProtobuf,
  title = {Beating JSON Performance with Protobuf},
  url = {https://auth0.com/blog/beating-json-performance-with-protobuf/},
  note = {Accessed: 2024-05-19}
}

@article{grpcCoreConcepts,
  title = {gRPC Core Concepts},
  url = {https://grpc.io/docs/what-is-grpc/core-concepts/},
  note = {Accessed: 2024-05-19}
}

@article{goChannel,
  title = {Go channel},
  url = {https://go.dev/tour/concurrency/2},
  note = {Accessed: 2024-09-08}
}
